%YAML 1.1
%TAG !u! tag:unity3d.com,2011:
--- !u!243 &-4889767455553810945
AudioMixerGroupController:
  m_ObjectHideFlags: 0
  m_CorrespondingSourceObject: {fileID: 0}
  m_PrefabInstance: {fileID: 0}
  m_PrefabAsset: {fileID: 0}
  m_Name: Maquina
  m_AudioMixer: {fileID: 24100000}
  m_GroupID: 97b37ac19dd7134408fd71d44c6916b4
  m_Children: []
  m_Volume: 71925de77f7cf894fa76007f70e47e16
  m_Pitch: b69cf56fdd2c5d844b98900b899b8a2a
  m_Send: 00000000000000000000000000000000
  m_Effects:
  - {fileID: 8872573414632012246}
  m_UserColorIndex: 0
  m_Mute: 0
  m_Solo: 0
  m_BypassEffects: 0
--- !u!244 &-3792748914218782985
AudioMixerEffectController:
  m_ObjectHideFlags: 3
  m_CorrespondingSourceObject: {fileID: 0}
  m_PrefabInstance: {fileID: 0}
  m_PrefabAsset: {fileID: 0}
  m_Name: 
  m_EffectID: 31fbc4ca7c8c09548b4f64dd13b780b0
  m_EffectName: Attenuation
  m_MixLevel: 978f68ed392042a41b8760d422468066
  m_Parameters: []
  m_SendTarget: {fileID: 0}
  m_EnableWetMix: 0
  m_Bypass: 0
--- !u!241 &24100000
AudioMixerController:
  m_ObjectHideFlags: 0
  m_CorrespondingSourceObject: {fileID: 0}
  m_PrefabInstance: {fileID: 0}
  m_PrefabAsset: {fileID: 0}
  m_Name: BackGround
  m_OutputGroup: {fileID: 0}
  m_MasterGroup: {fileID: 24300002}
  m_Snapshots:
  - {fileID: 24500006}
  m_StartSnapshot: {fileID: 24500006}
  m_SuspendThreshold: -80
  m_EnableSuspend: 1
  m_UpdateMode: 0
  m_ExposedParameters: []
  m_AudioMixerGroupViews:
  - guids:
    - 03863abe1c1f25a47947d9266f774b28
    - a1f9ea1faf9efc54bbdc6055fc7fe752
    - 97b37ac19dd7134408fd71d44c6916b4
    - 551e5dda8cebcf3479543814d5d1afc9
    name: View
  m_CurrentViewIndex: 0
  m_TargetSnapshot: {fileID: 24500006}
--- !u!243 &24300002
AudioMixerGroupController:
  m_ObjectHideFlags: 0
  m_CorrespondingSourceObject: {fileID: 0}
  m_PrefabInstance: {fileID: 0}
  m_PrefabAsset: {fileID: 0}
  m_Name: Master
  m_AudioMixer: {fileID: 24100000}
  m_GroupID: 03863abe1c1f25a47947d9266f774b28
  m_Children:
  - {fileID: 6355234276919351443}
  - {fileID: -4889767455553810945}
  - {fileID: 3118929729687094356}
  m_Volume: b9dff7ce514bb3241b1cdae912d2d87f
  m_Pitch: 894d67d1661a6cd40aaaae3dc20179a8
  m_Send: 00000000000000000000000000000000
  m_Effects:
  - {fileID: 24400004}
  m_UserColorIndex: 0
  m_Mute: 0
  m_Solo: 0
  m_BypassEffects: 0
--- !u!244 &24400004
AudioMixerEffectController:
  m_ObjectHideFlags: 3
  m_CorrespondingSourceObject: {fileID: 0}
  m_PrefabInstance: {fileID: 0}
  m_PrefabAsset: {fileID: 0}
  m_Name: 
  m_EffectID: 0242c699e18dea84e9fcc53e8ab894ca
  m_EffectName: Attenuation
  m_MixLevel: c6f9bb1abd21f4040a5c355811fdafec
  m_Parameters: []
  m_SendTarget: {fileID: 0}
  m_EnableWetMix: 0
  m_Bypass: 0
--- !u!245 &24500006
AudioMixerSnapshotController:
  m_ObjectHideFlags: 0
  m_CorrespondingSourceObject: {fileID: 0}
  m_PrefabInstance: {fileID: 0}
  m_PrefabAsset: {fileID: 0}
  m_Name: Snapshot
  m_AudioMixer: {fileID: 24100000}
  m_SnapshotID: 4c60c700aebc58d44a1db8cdb890a9be
  m_FloatValues:
    a08e4212f473f13448098e52eb43dca2: 3.704152
    1397eda5af9d665448434c9b81841629: -12.498478
    c0d094d612b8b2f499b06e492e4de5ed: 0.27000841
    71925de77f7cf894fa76007f70e47e16: -0.54210335
    b9dff7ce514bb3241b1cdae912d2d87f: 1.7477665
  m_TransitionOverrides: {}
--- !u!243 &3118929729687094356
AudioMixerGroupController:
  m_ObjectHideFlags: 0
  m_CorrespondingSourceObject: {fileID: 0}
  m_PrefabInstance: {fileID: 0}
  m_PrefabAsset: {fileID: 0}
  m_Name: SFX
  m_AudioMixer: {fileID: 24100000}
  m_GroupID: 551e5dda8cebcf3479543814d5d1afc9
  m_Children: []
  m_Volume: a08e4212f473f13448098e52eb43dca2
  m_Pitch: 434a0772b38dc3143853186d26271c41
  m_Send: 00000000000000000000000000000000
  m_Effects:
  - {fileID: -3792748914218782985}
  m_UserColorIndex: 0
  m_Mute: 0
  m_Solo: 0
  m_BypassEffects: 0
--- !u!243 &6355234276919351443
AudioMixerGroupController:
  m_ObjectHideFlags: 0
  m_CorrespondingSourceObject: {fileID: 0}
  m_PrefabInstance: {fileID: 0}
  m_PrefabAsset: {fileID: 0}
  m_Name: Sonido Ambiente
  m_AudioMixer: {fileID: 24100000}
  m_GroupID: a1f9ea1faf9efc54bbdc6055fc7fe752
  m_Children: []
  m_Volume: 1397eda5af9d665448434c9b81841629
  m_Pitch: 1787029ac344520478203b1d8ec50e6c
  m_Send: 00000000000000000000000000000000
  m_Effects:
  - {fileID: 9100277881794540530}
  m_UserColorIndex: 0
  m_Mute: 0
  m_Solo: 0
  m_BypassEffects: 0
--- !u!244 &8872573414632012246
AudioMixerEffectController:
  m_ObjectHideFlags: 3
  m_CorrespondingSourceObject: {fileID: 0}
  m_PrefabInstance: {fileID: 0}
  m_PrefabAsset: {fileID: 0}
  m_Name: 
  m_EffectID: 3ea4d6a77b4f09e44a803fd60ca644b8
  m_EffectName: Attenuation
  m_MixLevel: 9b17a3383f193c7468dfa9d390eb96e0
  m_Parameters: []
  m_SendTarget: {fileID: 0}
  m_EnableWetMix: 0
  m_Bypass: 0
--- !u!244 &9100277881794540530
AudioMixerEffectController:
  m_ObjectHideFlags: 3
  m_CorrespondingSourceObject: {fileID: 0}
  m_PrefabInstance: {fileID: 0}
  m_PrefabAsset: {fileID: 0}
  m_Name: 
  m_EffectID: 19b319108ca872943bcfd60ba51bb73f
  m_EffectName: Attenuation
  m_MixLevel: aced598f582cdc649be45bc27d1687db
  m_Parameters: []
  m_SendTarget: {fileID: 0}
  m_EnableWetMix: 0
  m_Bypass: 0
